@inproceedings{jang2010,
  title={Absolute Stability Analysis of a Phase Plane Controlled Spacecraft},
  author={Jang, Jiann-Woei and Plummer, Michael and Bedrossian, Nazareth and Hall, Charles and Jackson, Mark and Spanos, Pol},
  booktitle={AAS/AIAA Space Flight Mechanics Meeting},
  year={2010}, 
  doi = {10.13140/2.1.2472.0002}
}
